<?xml version="1.0" encoding="UTF-8"?><collection xmlns="http://www.loc.gov/MARC21/slim"><record><leader>00547nam--2200181-u-4500</leader><controlfield tag="001">000056833</controlfield><controlfield tag="002">20191113</controlfield><controlfield tag="005">20191113040843</controlfield><controlfield tag="008">191113s1000------------r-----000-0-eng-d</controlfield><datafield ind1=" " ind2=" " tag="040"><subfield code="a">IFIN-HH</subfield></datafield><datafield ind1=" " ind2=" " tag="041"><subfield code="a">eng</subfield></datafield><datafield ind1="1" ind2=" " tag="100"><subfield code="a">KESSELS, WILHELMUS MATHIJS MARIE</subfield></datafield><datafield ind1="1" ind2="0" tag="245"><subfield code="a">REMOTE PLASMA DEPOSITION OF HYDROGENATED AMORPHOUS SILICON</subfield><subfield code="c">WILHELMUS MATHIJS MARIE KESSELS</subfield></datafield><datafield ind1=" " ind2=" " tag="260"><subfield code="a">EINDHOVEN</subfield><subfield code="b">TECHNISCHE UNIVERSITEIT EINDHOVEN</subfield><subfield code="c">2000</subfield></datafield><datafield ind1=" " ind2=" " tag="300"><subfield code="a">161 P</subfield></datafield><datafield ind1=" " ind2=" " tag="500"><subfield code="a">DONATIE GHEORGHE DINESCU</subfield></datafield><datafield ind1=" " ind2=" " tag="852"><subfield code="a">82778</subfield><subfield code="c">533.9</subfield></datafield><datafield ind1=" " ind2=" " tag="CAT"><subfield code="a">SYS</subfield><subfield code="c">20191113</subfield><subfield code="h">040843</subfield></datafield></record></collection>